@misc{oliveira_sassi_2019, 
	title={Behavioral Malware Detection Using Deep Graph Convolutional Neural Networks}, url={https://www.techrxiv.org/articles/Behavioral_Malware_Detection_Using_Deep_Graph_Convolutional_Neural_Networks/10043099/1}, 
	DOI={10.36227/techrxiv.10043099.v1}, 
	publisher={TechRxiv}, 
	author={Oliveira, Angelo and Sassi, Renato José}, 
	year={2019}, 
	month={Nov}}

@article{Zhang2018AnED,
	title={An End-to-End Deep Learning Architecture for Graph Classification},
	author={Muhan Zhang and Zhicheng Cui and Marion Neumann and Yixin Chen},
	booktitle={AAAI},
	year={2018}
}

@article{10.1093/bioinformatics/btz122,
	author = {Pagès, Guillaume and Charmettant, Benoit and Grudinin, Sergei},
	title = "{Protein model quality assessment using 3D oriented convolutional neural networks}",
	journal = {Bioinformatics},
	volume = {35},
	number = {18},
	pages = {3313-3319},
	year = {2019},
	month = {02},
	issn = {1367-4803},
	doi = {10.1093/bioinformatics/btz122},
	url = {https://doi.org/10.1093/bioinformatics/btz122},
	eprint = {http://oup.prod.sis.lan/bioinformatics/article-pdf/35/18/3313/30024731/btz122.pdf}
}


@article{AlphaFold,
	author    = {R.Evans,  J.Jumper, J.Kirkpatrick, L.Sifre, T.F.G.Green, C.Qin, A.Zidek, A.Nelson, A.Bridgland, H.Penedones, S.Petersen, K.Simonyan, S.Crossan, D.T.Jones, D.Silver, K.Kavukcuoglu, D.Hassabis, A.W.Senior},
	title = "{De novo structure prediction with deep-learning based scoring}",
	journal   = {Thirteenth Critical Assessment of Techniques for Protein Structure Prediction (Abstracts) 1-4},
	year = {2018},
	month={Dec},
	url = {https://deepmind.com/blog/article/alphafold}
}

@article{Olechnovic2013CADscoreAN,
	title={CAD-score: a new contact area difference-based function for evaluation of protein structural models.},
	author={Kliment Olechnovic and Eleonora Kulberkytė and ${\vC}$eslovas Venclovas},
	journal={Proteins},
	year={2013},
	volume={81 1},
	pages={
	149-62
	}
}

@article{DBLP:journals/corr/abs-1812-08434,
	author    = {Jie Zhou and
	Ganqu Cui and
	Zhengyan Zhang and
	Cheng Yang and
	Zhiyuan Liu and
	Maosong Sun},
	title     = {Graph Neural Networks: {A} Review of Methods and Applications},
	journal   = {CoRR},
	volume    = {abs/1812.08434},
	year      = {2018},
	url       = {http://arxiv.org/abs/1812.08434},
	archivePrefix = {arXiv},
	eprint    = {1812.08434},
	timestamp = {Wed, 02 Jan 2019 14:40:18 +0100},
	biburl    = {https://dblp.org/rec/bib/journals/corr/abs-1812-08434},
	bibsource = {dblp computer science bibliography, https://dblp.org}
}


@article{DBLP:journals/corr/abs-1901-00596,
	author    = {Zonghan Wu and
	Shirui Pan and
	Fengwen Chen and
	Guodong Long and
	Chengqi Zhang and
	Philip S. Yu},
	title     = {A Comprehensive Survey on Graph Neural Networks},
	journal   = {CoRR},
	volume    = {abs/1901.00596},
	year      = {2019},
	url       = {http://arxiv.org/abs/1901.00596},
	archivePrefix = {arXiv},
	eprint    = {1901.00596},
	timestamp = {Thu, 31 Jan 2019 13:52:49 +0100},
	biburl    = {https://dblp.org/rec/bib/journals/corr/abs-1901-00596},
	bibsource = {dblp computer science bibliography, https://dblp.org}
}
